
@article{bethe,
  author={C. Patrignani and Particle Data Group},
  title={Review of Particle Physics},
  journal={Chinese Physics C},
  volume={40},
  number={10},
  chapter = {33}
  pages={441-442},
  url={http://stacks.iop.org/1674-1137/40/i=10/a=100001},
  year={2016}


@article{Yock2004,
  doi = {10.1038/ncponc0090},
  url = {https://doi.org/10.1038/ncponc0090},
  year  = {2004},
  month = {dec},
  publisher = {Springer Nature},
  volume = {1},
  number = {2},
  pages = {97--103},
  author = {Torunn I Yock and Nancy J Tarbell},
  title = {Technology Insight: proton beam radiotherapy for treatment in pediatric brain tumors},
  journal = {Nature Clinical Practice Oncology}
}



@article{FTIR4,
author = {W. J. McDonald and S. N. Udey and P. Hickson},
title = {The Penetration of Light Waves beyond a Totally Reflecting Surface},
journal = {American Journal of Physics, Dept. Phys., Univ. Alberta, Edmonton, Canada. Rep.},
volume = {39},
number = {1},
pages = {74-76},
year = {1971},
doi = {10.1119/1.1986058},

URL = { 
        https://doi.org/10.1119/1.1986058 
},
eprint = { 
        https://doi.org/10.1119/1.1986058 
}

}


@book{FTIR5,
  title={"Microcrystalline Waxes" in The Complete Technology Book on Wax and Polishes (Reprint)},
  author={Engineers, N. B. C.},
  isbn={9788178330129},
  url={https://books.google.co.uk/books?id=feYkAgAAQBAJ},
  year={2011, ch. 10, pp. 573-574},
  chapter = {10},
  pages = {573-574},
  publisher={Delhi, India: Asia Pacific Business Press Inc.}
  
}

@book{FTIR6,
  title = {"Fresnel Equations" in Internal Reflection and ATR Spectroscopy},
  author = {Milosevic, M},
  isbn = {9781118309742},
  url = {http://dx.doi.org/10.1002/9781118309742.ch4},
  year = {2012, ch. 4, sec. 8-10, pp. 47-54},
  chapter = {4},
  section = {8-10},
  pages = {47--54},
  publisher = {Hoboken, NJ: John Wiley \& Sons, Inc.}

}



@book{FTIR7,
  Author = {Freund, M. and Csikos, R. and Keszthelyi, S. and Mozes, G. Y.},
  Title = {Paraffin Products (Developments in Petroleum Science)},
  Chapter = {Chemical, Crystallographical and Physical Properties of Liquid Paraffins and Paraffin Waxes},
  Publisher = {Budapest, Hungary: Elsevier Science},
  Year = {1982, ch. 1, sec. 2, pp. 35-36},
  chapter = {1},
  section = {2},
  pages = {35-36},
  ISBN = {0444997121},
  URL = {https://www.amazon.com/Paraffin-Products-Developments-Petroleum-Science/dp/0444997121?SubscriptionId=0JYN1NVW651KCA56C102&tag=techkie-20&linkCode=xm2&camp=2025&creative=165953&creativeASIN=0444997121}
}


@article{FTIR8,
  author = {Zhu, S. and Yu, A. W. and Hawley, D. and Roy, R.},
  title = {Frustrated total internal reflection: A demonstration and review},
  journal = {American Journal of Physics},
  volume = {54},
  number = {7},
  pages = {601--607},
  year = {1986},
  doi = {10.1119/1.14514},

  URL = {https://doi.org/10.1119/1.14514},
  eprint = {https://doi.org/10.1119/1.14514}
  
}


